<record><leader>00000cas a2200000 a 4500</leader><controlfield tag="001">11777377</controlfield><controlfield tag="008">850307d18331834paudn ne      0    0eng c</controlfield><datafield ind1=" " ind2=" " tag="010"><subfield code="a">sn 85054364 </subfield></datafield><datafield ind1=" " ind2=" " tag="040"><subfield code="a">NYG</subfield><subfield code="b">eng</subfield><subfield code="c">NYG</subfield><subfield code="d">NPH</subfield><subfield code="d">DLC</subfield><subfield code="d">NPH</subfield><subfield code="d">NPX</subfield><subfield code="d">NPH</subfield><subfield code="d">DLC</subfield><subfield code="d">OCLCQ</subfield></datafield><datafield ind1=" " ind2=" " tag="042"><subfield code="a">pcc</subfield></datafield><datafield ind1=" " ind2=" " tag="043"><subfield code="a">n-us-pa</subfield></datafield><datafield ind1="0" ind2="0" tag="050"><subfield code="a">Newspaper 9375-X</subfield></datafield><datafield ind1="0" ind2=" " tag="130"><subfield code="a">Philadelphia gazette, and universal daily advertiser (Philadelphia, Pa. : 1833)</subfield></datafield><datafield ind1="1" ind2="4" tag="245"><subfield code="a">The Philadelphia gazette, and universal daily advertiser.</subfield></datafield><datafield ind1="3" ind2="0" tag="246"><subfield code="a">Philadelphia gazette</subfield></datafield><datafield ind1="3" ind2="0" tag="246"><subfield code="a">Universal daily advertiser</subfield></datafield><datafield ind1="1" ind2="3" tag="246"><subfield code="a">Gazette and daily advertiser</subfield></datafield><datafield ind1=" " ind2=" " tag="260"><subfield code="a">Philadelphia, Pa. :</subfield><subfield code="b">S. Coate Atkinson,</subfield><subfield code="c">1833-1834.</subfield></datafield><datafield ind1=" " ind2=" " tag="300"><subfield code="a">v. :</subfield><subfield code="b">ill. (chiefly advertisements) ;</subfield><subfield code="c">58-64 cm.</subfield></datafield><datafield ind1=" " ind2=" " tag="310"><subfield code="a">Daily (except Sunday)</subfield></datafield><datafield ind1="0" ind2=" " tag="362"><subfield code="a">Vol. 59, no. 13692 (Sept. 27, 1833)-v., 61, no. 14049 (Nov. 29, 1834).</subfield></datafield><datafield ind1=" " ind2=" " tag="500"><subfield code="a">Editors: Benjamin Matthias and Willis Gaylord Clark.</subfield></datafield><datafield ind1=" " ind2=" " tag="752"><subfield code="a">United States</subfield><subfield code="b">Pennsylvania</subfield><subfield code="c">Philadelphia</subfield><subfield code="d">Philadelphia.</subfield></datafield><datafield ind1="0" ind2="0" tag="780"><subfield code="t">Philadelphia gazette and daily universal advertiser</subfield><subfield code="w">(DLC)sn 87079892</subfield></datafield><datafield ind1="0" ind2="7" tag="785"><subfield code="t">Commercial intelligencer and literary and political journal</subfield><subfield code="w">(DLC)sn 87052057</subfield></datafield><datafield ind1="0" ind2="7" tag="785"><subfield code="t">Philadelphia gazette, and commercial intelligencer</subfield><subfield code="w">(DLC)sn 85054925</subfield></datafield><datafield ind1="1" ind2=" " tag="029"><subfield code="a">AU@</subfield><subfield code="b">000023272013</subfield></datafield></record>